@book{texbook,
  author = {Jorge A. Villalobos S},
  title = {Diseño y manejo de Estructuras de Datos en C},
  publisher = {Mc Graw Hill},
}

@book{texbook,
  author = {Alfred V. Aho and John E. Hopcroft and Jeffrey D. Ullman},
  title = {Estructuras de Datos y Algoritmos},
  publisher = {Addison-Wesley},
}

@book{texbook,
  author = {Niklaus Wirth},
  title = {Algoritmos + Estructuras de Datos = Programas},
  publisher = {Prentice Hall},
}

@article{notas,
  title={Filminas de la Cátedra},
  author={Emanuel Gunther}
}